<record><leader>00000cas a22000007a 4500</leader><controlfield tag="001">13994959</controlfield><controlfield tag="008">860731d18931898inudn ne      0    0eng d</controlfield><datafield ind1=" " ind2=" " tag="010"><subfield code="a">sn 86058725 </subfield></datafield><datafield ind1=" " ind2=" " tag="040"><subfield code="a">NPI</subfield><subfield code="b">eng</subfield><subfield code="c">NPI</subfield><subfield code="d">OCLCQ</subfield></datafield><datafield ind1=" " ind2=" " tag="042"><subfield code="a">msc</subfield></datafield><datafield ind1="0" ind2=" " tag="130"><subfield code="a">Morning news (Muncie, Ind.)</subfield></datafield><datafield ind1="1" ind2="4" tag="245"><subfield code="a">The morning news.</subfield></datafield><datafield ind1="3" ind2="0" tag="246"><subfield code="a">Sunday morning news</subfield></datafield><datafield ind1=" " ind2=" " tag="260"><subfield code="a">Muncie, Ind. :</subfield><subfield code="b">Chas. F.W. Neely,</subfield><subfield code="c">1893-1898.</subfield></datafield><datafield ind1=" " ind2=" " tag="300"><subfield code="a">6 v. :</subfield><subfield code="b">ill. (chiefly advertisements) ;</subfield><subfield code="c">55 cm.</subfield></datafield><datafield ind1=" " ind2=" " tag="310"><subfield code="a">Daily (except Mon.)</subfield></datafield><datafield ind1="0" ind2=" " tag="362"><subfield code="a">Vol. 15, no. 293 (Apr. 11, 1893)-v. 20, no. 289 (Apr. 2, 1898).</subfield></datafield><datafield ind1=" " ind2=" " tag="500"><subfield code="a">On Sunday published as: Sunday morning news, Apr. 16, 1893-1898.</subfield></datafield><datafield ind1=" " ind2=" " tag="580"><subfield code="a">Published also in a weekly edition called: Muncie news (Muncie, Ind. : Weekly).</subfield></datafield><datafield ind1=" " ind2=" " tag="752"><subfield code="a">United States</subfield><subfield code="b">Indiana</subfield><subfield code="c">Delaware</subfield><subfield code="d">Muncie.</subfield></datafield><datafield ind1="1" ind2=" " tag="775"><subfield code="t">Muncie news (Muncie, Ind. : Weekly)</subfield><subfield code="w">(DLC)sn 86058727</subfield></datafield><datafield ind1="0" ind2="0" tag="780"><subfield code="t">Muncie news (Muncie, Ind. : Daily : 1892)</subfield><subfield code="w">(DLC)sn 86058726</subfield></datafield><datafield ind1="0" ind2="4" tag="785"><subfield code="t">Muncie morning news</subfield><subfield code="w">(DLC)sn 87056856</subfield></datafield></record>